<record><leader>00000cas a22000007a 4500</leader><controlfield tag="001">1587396</controlfield><controlfield tag="008">750901d18871917mnuwr ne      0    0eng d</controlfield><datafield ind1=" " ind2=" " tag="010"><subfield code="a">sn 89064178 </subfield></datafield><datafield ind1=" " ind2=" " tag="040"><subfield code="a">MUL</subfield><subfield code="b">eng</subfield><subfield code="c">MUL</subfield><subfield code="d">OCL</subfield><subfield code="d">MN#</subfield><subfield code="d">OCLCQ</subfield><subfield code="d">OCLCF</subfield><subfield code="d">OCLCO</subfield></datafield><datafield ind1="1" ind2=" " tag="029"><subfield code="a">AU@</subfield><subfield code="b">000025855220</subfield></datafield><datafield ind1=" " ind2=" " tag="042"><subfield code="a">msc</subfield></datafield><datafield ind1=" " ind2=" " tag="043"><subfield code="a">n-us-mn</subfield></datafield><datafield ind1=" " ind2=" " tag="052"><subfield code="a">4144</subfield><subfield code="b">M6</subfield></datafield><datafield ind1=" " ind2=" " tag="052"><subfield code="a">4143</subfield><subfield code="b">C4</subfield></datafield><datafield ind1="0" ind2=" " tag="130"><subfield code="a">Commercial (Montevideo, Minn.)</subfield></datafield><datafield ind1="0" ind2="4" tag="245"><subfield code="a">The commercial.</subfield></datafield><datafield ind1="1" ind2="3" tag="246"><subfield code="a">Chippewa County commercial</subfield></datafield><datafield ind1=" " ind2=" " tag="260"><subfield code="a">Montevideo, Minn. :</subfield><subfield code="b">Commercial Pub. Co.,</subfield><subfield code="c">1887-1917.</subfield></datafield><datafield ind1=" " ind2=" " tag="300"><subfield code="a">32 v.</subfield></datafield><datafield ind1=" " ind2=" " tag="310"><subfield code="a">Weekly</subfield></datafield><datafield ind1="0" ind2=" " tag="362"><subfield code="a">Vol. 2, no. 24 (Nov. 18, 1887)-v. 33, no. 15 (Sept. 21, 1917).</subfield></datafield><datafield ind1=" " ind2=" " tag="530"><subfield code="a">Available on microfilm from the Minnesota Historical Society.</subfield></datafield><datafield ind1=" " ind2=" " tag="580"><subfield code="a">Merged with: Montevideo leader, and: Montevideo advance, to form: Montevideo news.</subfield></datafield><datafield ind1=" " ind2="0" tag="651"><subfield code="a">Montevideo (Minn.)</subfield><subfield code="v">Newspapers.</subfield></datafield><datafield ind1=" " ind2="7" tag="655"><subfield code="a">Newspapers.</subfield><subfield code="2">fast</subfield><subfield code="0">(OCoLC)fst01423814</subfield></datafield><datafield ind1=" " ind2="7" tag="651"><subfield code="a">Minnesota</subfield><subfield code="z">Montevideo.</subfield><subfield code="2">fast</subfield><subfield code="0">(OCoLC)fst01223794</subfield></datafield><datafield ind1=" " ind2=" " tag="752"><subfield code="a">United States</subfield><subfield code="b">Minnesota</subfield><subfield code="c">Chippewa</subfield><subfield code="d">Montevideo.</subfield></datafield><datafield ind1="0" ind2="0" tag="780"><subfield code="t">Chippewa County commercial</subfield><subfield code="w">(DLC)sn 89064176</subfield></datafield><datafield ind1="1" ind2="7" tag="785"><subfield code="t">Montevideo leader</subfield><subfield code="w">(DLC)sn 89064181</subfield></datafield><datafield ind1="1" ind2="7" tag="785"><subfield code="t">Montevideo advance</subfield><subfield code="w">(DLC)sn 89064182</subfield></datafield><datafield ind1="1" ind2="7" tag="785"><subfield code="t">Montevideeo news</subfield><subfield code="w">(DLC)sn 89064183</subfield></datafield></record>